


@article{munroe2010color,
  title={Color survey results},
  author={Munroe, Randall},
  journal={Online at http://blog. xkcd. com/2010/05/03/color-surveyresults},
  year={2010}
}

@book{berlinandkay,
    author    = {Berlin Brent and Paul Kay},
    title     = {Basic color terms: Their universality and evolution},
    year      = {1991},
    publisher = {Univ of California Press}
}


@article{castanon2016retrieval,
  title={Retrieval in Long-Surveillance Videos Using User-Described Motion and Object Attributes},
  author={Casta{\~n}{\'o}n, Gregory and Elgharib, Mohamed and Saligrama, Venkatesh and Jodoin, Pierre-Marc},
  journal={IEEE Transactions on Circuits and Systems for Video Technology},
  volume={26},
  number={12},
  pages={2313--2327},
  year={2016},
  publisher={IEEE}
}

@article{feris2012large,
  title={Large-scale vehicle detection, indexing, and search in urban surveillance videos},
  author={Feris, Rogerio Schmidt and Siddiquie, Behjat and Petterson, James and Zhai, Yun and Datta, Ankur and Brown, Lisa M and Pankanti, Sharath},
  journal={IEEE Transactions on Multimedia},
  volume={14},
  number={1},
  pages={28--42},
  year={2012},
  publisher={IEEE}
}



@article{dehghan2017view,
  title={View Independent Vehicle Make, Model and Color Recognition Using Convolutional Neural Network},
  author={Dehghan, Afshin and Masood, Syed Zain and Shu, Guang and Ortiz, Enrique and others},
  journal={arXiv preprint arXiv:1702.01721},
  year={2017}
}

@article{rachmadi2015vehicle,
  title={Vehicle color recognition using convolutional neural network},
  author={Rachmadi, Reza Fuad and Purnama, I},
  journal={arXiv preprint arXiv:1510.07391},
  year={2015}
}

@article{hu2015vehicle,
  title={Vehicle color recognition with spatial pyramid deep learning},
  author={Hu, Chuanping and Bai, Xiang and Qi, Li and Chen, Pan and Xue, Gengjian and Mei, Lin},
  journal={IEEE Transactions on Intelligent Transportation Systems},
  volume={16},
  number={5},
  pages={2925--2934},
  year={2015},
  publisher={IEEE}
}

@inproceedings{moghimi2014shadow,
  title={Shadow detection based on combinations of HSV color space and orthogonal transformation in surveillance videos},
  author={Moghimi, Mohammad Kazem and Pourghassem, Hossein},
  booktitle={Intelligent Systems (ICIS), 2014 Iranian Conference on},
  pages={1--6},
  year={2014},
  organization={IEEE}
}

@article{zhang2013mining,
  title={Mining semantic context information for intelligent video surveillance of traffic scenes},
  author={Zhang, Tianzhu and Liu, Si and Xu, Changsheng and Lu, Hanqing},
  journal={IEEE transactions on industrial informatics},
  volume={9},
  number={1},
  pages={149--160},
  year={2013},
  publisher={IEEE}
}

@article{d2015designing,
  title={Designing huge repositories of moving vehicles trajectories for efficient extraction of semantic data},
  author={d'Acierno, Antonio and Saggese, Alessia and Vento, Mario},
  journal={IEEE Transactions on Intelligent Transportation Systems},
  volume={16},
  number={4},
  pages={2038--2049},
  year={2015},
  publisher={IEEE}
}

@inproceedings{redmon2016you,
  title={You only look once: Unified, real-time object detection},
  author={Redmon, Joseph and Divvala, Santosh and Girshick, Ross and Farhadi, Ali},
  booktitle={Proceedings of the IEEE Conference on Computer Vision and Pattern Recognition},
  pages={779--788},
  year={2016}
}

@inproceedings{jermsurawong2012car,
  title={Car parking vacancy detection and its application in 24-hour statistical analysis},
  author={Jermsurawong, Jermsak and Ahsan, Mian Umair and Haidar, Abdulhamid and Dong, Haiwei and Mavridis, Nikolaos},
  booktitle={Frontiers of Info. Tech. (FIT), Int. Conf. on},
  pages={84--90},
  year={2012}
}

@article{yusnita2012intelligent,
  title={Intelligent Parking Space Detection System Based on Image Processing},
  author={Yusnita, R and Norbaya, Fariza and Basharuddin, Norazwinawati},
  journal={Int. Jour. of Innovation, Management and Technology},
  volume={3},
  number={3},
  pages={232},
  year={2012},
  publisher={IACSIT Press}
}

@article{jodoin2016tracking,
  title={Tracking all road users at multimodal urban traffic intersections},
  author={Jodoin, Jean-Philippe and Bilodeau, Guillaume-Alexandre and Saunier, Nicolas},
  journal={IEEE Trans. on Intell. Transportation Sys.},
  volume={17},
  number={11},
  pages={3241--3251},
  year={2016},
  publisher={IEEE}
}

@inproceedings{yang2012smart,
  title={Smart parking service based on wireless sensor networks},
  author={Yang, Jihoon and Portilla, Jorge and Riesgo, Teresa},
  booktitle={38th Annual Conf. on IEEE Industrial Electronics Society},
  pages={6029--6034},
  year={2012},
  organization={IEEE}
}

@inproceedings{indu2013video,
  title={Video based adaptive road traffic signaling},
  author={Indu, S and Nair, Varun and Jain, Shashwat and Chaudhury, Santanu},
  booktitle={Distributed Smart Cameras (ICDSC), 2013 Seventh International Conference on},
  pages={1--6},
  year={2013},
  organization={IEEE}
}

@article{nicolas2014video,
  title={Video traffic analysis using scene and vehicle models},
  author={Nicolas, Henri and Brulin, Mathieu},
  journal={Signal Processing: Image Communication},
  volume={29},
  number={8},
  pages={807--830},
  year={2014},
  publisher={Elsevier}
}

@article{marmol2016quickspot,
  title={QuickSpot: a video analytics solution for on-street vacant parking spot detection},
  author={M{\`a}rmol, Elena and Sevillano, Xavier},
  journal={Multimedia Tools and Applications},
  volume={75},
  number={24},
  pages={17711--17743},
  year={2016},
  publisher={Springer}
}

@article{parekh2014survey,
  title={A survey on object detection and tracking methods},
  author={Parekh, Himani S and Thakore, Darshak G and Jaliya, Udesang K},
  journal={Int. Journal of Innov. Res. in Comp. and Comm. Eng.},
  volume={2},
  number={2},
  pages={2970--2979},
  year={2014}
}

@article{sobral2014comprehensive,
  title={A comprehensive review of background subtraction algorithms evaluated with synthetic and real videos},
  author={Sobral, Andrews and Vacavant, Antoine},
  journal={Comp. Vision and Image Und.},
  volume={122},
  pages={4--21},
  year={2014},
  publisher={Elsevier}
}

@article{barnich2011vibe,
  title={ViBe: A universal background subtraction algorithm for video sequences},
  author={Barnich, Olivier and Van Droogenbroeck, Marc},
  journal={IEEE Transactions on Image Processing},
  volume={20},
  number={6},
  pages={1709--1724},
  year={2011},
  publisher={IEEE}
}

@article{zhang2012object,
  title={Object tracking and detecting based on adaptive background subtraction},
  author={Zhang, Ruolin and Ding, Jian},
  journal={Procedia Engineering},
  volume={29},
  pages={1351--1355},
  year={2012},
  publisher={Elsevier}
}

@article{aslani2013optical,
  title={Optical flow based moving object detection and tracking for traffic surveillance},
  author={Aslani, Sepehr and Mahdavi-Nasab, Homayoun},
  journal={Int. Journal of Electrical, Electronics, Comm., Energy Sci. and Eng.},
  volume={7},
  number={9},
  pages={789--793},
  year={2013}
}

@article{indu2011vehicle,
  title={Vehicle tracking and speed estimation using optical flow method},
  author={Indu, S and Gupta, Manjari and Bhattacharyya, Asok},
  journal={Int. J. Engineering Science and Technology},
  volume={3},
  number={1},
  pages={429--434},
  year={2011}
}

@article{dubska2015fully,
  title={Fully automatic roadside camera calibration for traffic surveillance},
  author={Dubsk{\'a}, Mark{\'e}ta and Herout, Adam and Jur{\'a}nek, Roman and Sochor, Jakub},
  journal={IEEE Trans. on Intell. Transportation Sys.},
  volume={16},
  number={3},
  pages={1162--1171},
  year={2015},
  publisher={IEEE}
}

@inproceedings{dalal2005hog,
  title={Histograms of oriented gradients for human detection},
  author={Dalal, Navneet and Triggs, Bill},
  booktitle={IEEE CVPR},
  volume={1},
  pages={886--893},
  year={2005}
}

@inproceedings{chen2010vision,
  title={Vision-based vehicle surveillance and parking lot management using multiple cameras},
  author={Chen, Li-Chih and Hsieh, Jun-Wei and Lai, Wei-Ru and Wu, Chih-Xuan and Chen, Shin-Yu},
  booktitle={Intell. Info. Hiding and Multimedia Signal Proc., 6th Int. Conf. on},
  pages={631--634},
  year={2010}
}

@inproceedings{lim2017,
  title={On vehicle state tracking for long-term carpark video surveillance},
  author={Lim, Ryan Woei-Sheng and Cheong, Clarence Weihan and See, John and Tan, Ian K. T. and Wong, Lai-Kuan and Khor, Huai-Qian},
  booktitle={IEEE Int. Conf. on Signal and Image Processing Applications. To appear},
  year={2017}
}